<?xml version="1.0" encoding="UTF-8"?><record xmlns="http://www.loc.gov/MARC21/slim" xmlns:cinclude="http://apache.org/cocoon/include/1.0" xmlns:zs="http://www.loc.gov/zing/srw/">
  <leader>00452nz  a2200145n  4500</leader>
  <controlfield tag="001">n 2014019122</controlfield>
  <controlfield tag="003">DLC</controlfield>
  <controlfield tag="005">20140409114912.0</controlfield>
  <controlfield tag="008">140409n| azannaabn          |a aaa      </controlfield>
  <datafield tag="010" ind1=" " ind2=" ">
    <subfield code="a">n 2014019122</subfield>
  </datafield>
  <datafield tag="040" ind1=" " ind2=" ">
    <subfield code="a">DLC</subfield>
    <subfield code="b">eng</subfield>
    <subfield code="c">DLC</subfield>
    <subfield code="e">rda</subfield>
  </datafield>
  <datafield tag="100" ind1="1" ind2=" ">
    <subfield code="a">Raḣimov, Abdufattoḣ</subfield>
  </datafield>
  <datafield tag="377" ind1=" " ind2=" ">
    <subfield code="a">tgk</subfield>
  </datafield>
  <datafield tag="400" ind1="1" ind2=" ">
    <subfield code="a">Raḣimov, A.</subfield>
    <subfield code="q">(Abdufattoḣ)</subfield>
  </datafield>
  <datafield tag="670" ind1=" " ind2=" ">
    <subfield code="a">Az taʺrikhi tatqiqoti geografii Asiëi Miëna, 2011:</subfield>
    <subfield code="b">title page (A. Raḣimov) colophon (Raḣimov Abdufattoḣ)</subfield>
  </datafield>
</record>